@ARTICLE{long14,
   author = {{Long}, K.~S. and {Kuntz}, K.~D. and {Blair}, W.~P. and {Godfrey}, L. and 
	{Plucinsky}, P.~P. and {Soria}, R. and {Stockdale}, C. and {Winkler}, P.~F.
	},
    title = "{A Deep Chandra ACIS Survey of M83}",
  journal = {\apjs},
archivePrefix = "arXiv",
   eprint = {1404.3218},
 keywords = {galaxies: individual: M83, galaxies: ISM, ISM: supernova remnants, supernovae: individual: SN1923A, X-rays: binaries, X-rays: general, X-rays: individual: M83},
     year = 2014,
    month = jun,
   volume = 212,
      eid = {21},
    pages = {21},
      doi = {10.1088/0067-0049/212/2/21},
   adsurl = {http://adsabs.harvard.edu/abs/2014ApJS..212...21L},
  adsnote = {Provided by the SAO/NASA Astrophysics Data System}
}


@ARTICLE{allen08,
   author = {{Allen}, M.~G. and {Groves}, B.~A. and {Dopita}, M.~A. and {Sutherland}, R.~S. and 
	{Kewley}, L.~J.},
    title = "{The MAPPINGS III Library of Fast Radiative Shock Models}",
  journal = {\apjs},
archivePrefix = "arXiv",
   eprint = {0805.0204},
 keywords = {galaxies: nuclei, galaxies: Seyfert, hydrodynamics, infrared: ISM, ISM: abundances, shock waves, ultraviolet: ISM, X-rays: ISM},
     year = 2008,
    month = sep,
   volume = 178,
    pages = {20-55},
      doi = {10.1086/589652},
   adsurl = {http://adsabs.harvard.edu/abs/2008ApJS..178...20A},
  adsnote = {Provided by the SAO/NASA Astrophysics Data System}
}



@ARTICLE{bruursema14,
   author = {{Bruursema}, J. and {Meixner}, M. and {Long}, K.~S. and {Otsuka}, M.
	},
    title = "{A Search for Supernova Remnants in NGC 6946 Using the [Fe II] 1.64 {$\mu$}m Line}",
  journal = {\aj},
 keywords = {galaxies: individual: NGC 6946, ISM: supernova remnants},
     year = 2014,
    month = sep,
   volume = 148,
      eid = {41},
    pages = {41},
      doi = {10.1088/0004-6256/148/3/41},
   adsurl = {http://adsabs.harvard.edu/abs/2014AJ....148...41B},
  adsnote = {Provided by the SAO/NASA Astrophysics Data System}
}

@ARTICLE{fridriksson08,
   author = {{Fridriksson}, J.~K. and {Homan}, J. and {Lewin}, W.~H.~G. and 
	{Kong}, A.~K.~H. and {Pooley}, D.},
    title = "{The Long-Term Variability of the X-Ray Sources in NGC 6946 and NGC 4485/4490}",
  journal = {\apjs},
archivePrefix = "arXiv",
   eprint = {0804.1411},
 keywords = {galaxies: individual: NGC 6946 NGC 4485 NGC 4490, X-rays: binaries, X-rays: galaxies},
     year = 2008,
    month = aug,
   volume = 177,
    pages = {465-492},
      doi = {10.1086/588817},
   adsurl = {http://adsabs.harvard.edu/abs/2008ApJS..177..465F},
  adsnote = {Provided by the SAO/NASA Astrophysics Data System}
}

@ARTICLE{long18,
   author = {{Long}, K.~S. and {Blair}, W.~P. and {Milisavljevic}, D. and 
	{Raymond}, J.~C. and {Winkler}, P.~F.},
    title = "{MMT Spectroscopy of Supernova Remnant Candidates in M33}",
  journal = {\apj},
archivePrefix = "arXiv",
   eprint = {1801.10215},
 keywords = {galaxies: individual: M33, ISM: supernova remnants},
     year = 2018,
    month = mar,
   volume = 855,
      eid = {140},
    pages = {140},
      doi = {10.3847/1538-4357/aaac7e},
   adsurl = {http://adsabs.harvard.edu/abs/2018ApJ...855..140L},
  adsnote = {Provided by the SAO/NASA Astrophysics Data System}
}

@ARTICLE{tikhonov14,
   author = {{Tikhonov}, N.~A.},
    title = "{Stellar content and distances to the isolated spiral galaxies NGC 6503 and NGC 6946}",
  journal = {Astronomy Letters},
 keywords = {individual galaxies: NGC 6503 and NGC 6946, stellar photometry of galaxies: distances to galaxies, stellar subsystems of galaxies, peculiar velocities of galaxies},
     year = 2014,
    month = sep,
   volume = 40,
    pages = {537-550},
      doi = {10.1134/S1063773714090035},
   adsurl = {http://adsabs.harvard.edu/abs/2014AstL...40..537T},
  adsnote = {Provided by the SAO/NASA Astrophysics Data System}
}

@ARTICLE{deblok08,
   author = {{de Blok}, W.~J.~G. and {Walter}, F. and {Brinks}, E. and {Trachternach}, C. and 
	{Oh}, S.-H. and {Kennicutt}, Jr., R.~C.},
    title = "{High-Resolution Rotation Curves and Galaxy Mass Models from THINGS}",
  journal = {\aj},
archivePrefix = "arXiv",
   eprint = {0810.2100},
 keywords = {dark matter, galaxies: dwarf, galaxies: fundamental parameters, galaxies: kinematics and dynamics, galaxies: spiral, galaxies: structure},
     year = 2008,
    month = dec,
   volume = 136,
      eid = {2648-2719},
    pages = {2648-2719},
      doi = {10.1088/0004-6256/136/6/2648},
   adsurl = {http://adsabs.harvard.edu/abs/2008AJ....136.2648D},
  adsnote = {Provided by the SAO/NASA Astrophysics Data System}
}


@ARTICLE{boomsma08,
   author = {{Boomsma}, R. and {Oosterloo}, T.~A. and {Fraternali}, F. and 
	{van der Hulst}, J.~M. and {Sancisi}, R.},
    title = "{HI holes and high-velocity clouds in the spiral galaxy NGC 6946}",
  journal = {\aap},
archivePrefix = "arXiv",
   eprint = {0807.3339},
 keywords = {galaxies: individual: NGC 6946, galaxies: ISM, galaxies: halos, galaxies: structure},
     year = 2008,
    month = nov,
   volume = 490,
    pages = {555-570},
      doi = {10.1051/0004-6361:200810120},
   adsurl = {http://adsabs.harvard.edu/abs/2008A%26A...490..555B},
  adsnote = {Provided by the SAO/NASA Astrophysics Data System}
}

@ARTICLE{matonick97,
   author = {{Matonick}, D.~M. and {Fesen}, R.~A.},
    title = "{Optically Identified Supernova Remnants in the Nearby Spiral Galaxies: NGC 5204, NGC 5585, NGC 6946, M81, and M101}",
  journal = {\apjs},
 keywords = {GALAXIES: ISM, ISM: SUPERNOVA REMNANTS, SURVEYS, Galaxies: ISM, ISM: Supernova Remnants, Surveys},
     year = 1997,
    month = sep,
   volume = 112,
    pages = {49-107},
      doi = {10.1086/313034},
   adsurl = {http://adsabs.harvard.edu/abs/1997ApJS..112...49M},
  adsnote = {Provided by the SAO/NASA Astrophysics Data System}
}

@article{massey88,
	Adsnote = {Provided by the SAO/NASA Astrophysics Data System},
	Adsurl = {http://adsabs.harvard.edu/abs/1988ApJ...328..315M},
	Author = {{Massey}, P. and {Strobel}, K. and {Barnes}, J.~V. and {Anderson}, E.},
	Doi = {10.1086/166294},
	Journal = {\apj},
	Keywords = {REFERENCE STARS, SPECTRUM ANALYSIS, STELLAR PHYSICS, STELLAR SPECTRA, STELLAR SPECTROPHOTOMETRY, BANDPASS FILTERS, CHARGE COUPLED DEVICES, STANDARDS, STELLAR COLOR, STELLAR MAGNITUDE},
	Month = may,
	Pages = {315-333},
	Title = {{Spectrophotometric standards}},
	Volume = 328,
	Year = 1988,
	Bdsk-Url-1 = {http://dx.doi.org/10.1086/166294}}


	

@ARTICLE{roberts03,
   author = {{Roberts}, T.~P. and {Colbert}, E.~J.~M.},
    title = "{Chandra reveals a black hole X-ray binary within the ultraluminous supernova remnant MF 16}",
  journal = {\mnras},
   eprint = {astro-ph/0304024},
 keywords = {supernova remnants, galaxies: individual: NGC 6946, X-rays: binaries},
     year = 2003,
    month = jun,
   volume = 341,
    pages = {L49-L54},
      doi = {10.1046/j.1365-8711.2003.06670.x},
   adsurl = {http://adsabs.harvard.edu/abs/2003MNRAS.341L..49R},
  adsnote = {Provided by the SAO/NASA Astrophysics Data System}
}

@ARTICLE{lacey97,
   author = {{Lacey}, C. and {Duric}, N. and {Goss}, W.~M.},
    title = "{A Survey of Compact Radio Sources in NGC 6946}",
  journal = {\apjs},
 keywords = {GALAXIES: INDIVIDUAL NGC NUMBER: NGC 6946, GALAXIES: ISM, GALAXIES: SPIRAL, RADIO CONTINUUM: GALAXIES, ISM: SUPERNOVA REMNANTS, SURVEYS, Galaxies: Individual: NGC Number: NGC 6946, Galaxies: ISM, Galaxies: Spiral, Radio Continuum: Galaxies, ISM: Supernova Remnants, Surveys},
     year = 1997,
    month = apr,
   volume = 109,
    pages = {417-460},
      doi = {10.1086/312989},
   adsurl = {http://adsabs.harvard.edu/abs/1997ApJS..109..417L},
  adsnote = {Provided by the SAO/NASA Astrophysics Data System}
}



@ARTICLE{lacey01,
   author = {{Lacey}, C.~K. and {Duric}, N.},
    title = "{Cosmic-Ray Production and the Role of Supernovae in NGC 6946}",
  journal = {\apj},
 keywords = {Acceleration of Particles, ISM: Cosmic Rays, Galaxies: Individual: NGC Number: NGC 6946, Galaxies: ISM, ISM: Supernova Remnants},
     year = 2001,
    month = oct,
   volume = 560,
    pages = {719-729},
      doi = {10.1086/323048},
   adsurl = {http://adsabs.harvard.edu/abs/2001ApJ...560..719L},
  adsnote = {Provided by the SAO/NASA Astrophysics Data System}
}

	
@ARTICLE{astropy,
   author = {{Astropy Collaboration} and {Robitaille}, T.~P. and {Tollerud}, E.~J. and 
	{Greenfield}, P. and {Droettboom}, M. and {Bray}, E. and {Aldcroft}, T. and 
	{Davis}, M. and {Ginsburg}, A. and {Price-Whelan}, A.~M. and 
	{Kerzendorf}, W.~E. and {Conley}, A. and {Crighton}, N. and 
	{Barbary}, K. and {Muna}, D. and {Ferguson}, H. and {Grollier}, F. and 
	{Parikh}, M.~M. and {Nair}, P.~H. and {Unther}, H.~M. and {Deil}, C. and 
	{Woillez}, J. and {Conseil}, S. and {Kramer}, R. and {Turner}, J.~E.~H. and 
	{Singer}, L. and {Fox}, R. and {Weaver}, B.~A. and {Zabalza}, V. and 
	{Edwards}, Z.~I. and {Azalee Bostroem}, K. and {Burke}, D.~J. and 
	{Casey}, A.~R. and {Crawford}, S.~M. and {Dencheva}, N. and 
	{Ely}, J. and {Jenness}, T. and {Labrie}, K. and {Lim}, P.~L. and 
	{Pierfederici}, F. and {Pontzen}, A. and {Ptak}, A. and {Refsdal}, B. and 
	{Servillat}, M. and {Streicher}, O.},
    title = "{Astropy: A community Python package for astronomy}",
  journal = {\aap},
archivePrefix = "arXiv",
   eprint = {1307.6212},
 primaryClass = "astro-ph.IM",
 keywords = {methods: data analysis, methods: miscellaneous, virtual observatory tools},
     year = 2013,
    month = oct,
   volume = 558,
      eid = {A33},
    pages = {A33},
      doi = {10.1051/0004-6361/201322068},
   adsurl = {http://adsabs.harvard.edu/abs/2013A%26A...558A..33A},
  adsnote = {Provided by the SAO/NASA Astrophysics Data System}
}

@article{jarrett13,
	Adsnote = {Provided by the SAO/NASA Astrophysics Data System},
	Adsurl = {http://adsabs.harvard.edu/abs/2013AJ....145....6J},
	Archiveprefix = {arXiv},
	Author = {{Jarrett}, T.~H. and {Masci}, F. and {Tsai}, C.~W. and {Petty}, S. and {Cluver}, M.~E. and {Assef}, R.~J. and {Benford}, D. and {Blain}, A. and {Bridge}, C. and {Donoso}, E. and {Eisenhardt}, P. and {Koribalski}, B. and {Lake}, S. and {Neill}, J.~D. and {Seibert}, M. and {Sheth}, K. and {Stanford}, S. and {Wright}, E.},
	Date-Added = {2018-10-23 12:14:06 -0400},
	Date-Modified = {2018-10-23 12:14:09 -0400},
	Doi = {10.1088/0004-6256/145/1/6},
	Eid = {6},
	Eprint = {1210.3628},
	Journal = {\aj},
	Keywords = {galaxies: fundamental parameters, galaxies: statistics, infrared: galaxies, surveys, techniques: image processing},
	Month = jan,
	Pages = {6},
	Title = {{Extending the Nearby Galaxy Heritage with WISE: First Results from the WISE Enhanced Resolution Galaxy Atlas}},
	Volume = 145,
	Year = 2013,
	Bdsk-Url-1 = {https://doi.org/10.1088/0004-6256/145/1/6}}
	}

@ARTICLE{schlafly11,
       author = {{Schlafly}, Edward F. and {Finkbeiner}, Douglas P.},
        title = "{Measuring Reddening with Sloan Digital Sky Survey Stellar Spectra and
        Recalibrating SFD}",
      journal = {\apj},
     keywords = {dust, extinction, Galaxy: stellar content, ISM: clouds, Astrophysics -
        Galaxy Astrophysics},
         year = 2011,
        month = Aug,
       volume = {737},
          eid = {103},
        pages = {103},
          doi = {10.1088/0004-637X/737/2/103},
archivePrefix = {arXiv},
       eprint = {1012.4804},
 primaryClass = {astro-ph.GA},
       adsurl = {https://ui.adsabs.harvard.edu/#abs/2011ApJ...737..103S},
      adsnote = {Provided by the SAO/NASA Astrophysics Data System}
}

@ARTICLE{winkler17,
   author = {{Winkler}, P.~F. and {Blair}, W.~P. and {Long}, K.~S.},
    title = "{A Spectroscopic Study of the Rich Supernova Remnant Population in M83}",
  journal = {\apj},
archivePrefix = "arXiv",
   eprint = {1703.03068},
 keywords = {galaxies: individual: M83, galaxies: ISM, ISM: supernova remnants},
     year = 2017,
    month = apr,
   volume = 839,
      eid = {83},
    pages = {83},
      doi = {10.3847/1538-4357/aa683d},
   adsurl = {http://adsabs.harvard.edu/abs/2017ApJ...839...83W},
  adsnote = {Provided by the SAO/NASA Astrophysics Data System}
}

@article{fesen99b,
	Adsnote = {Provided by the SAO/NASA Astrophysics Data System},
	Adsurl = {http://adsabs.harvard.edu/abs/1999AJ....117..725F},
	Author = {{Fesen}, R.~A. and {Gerardy}, C.~L. and {Filippenko}, A.~V. and {Matheson}, T. and {Chevalier}, R.~A. and {Kirshner}, R.~P. and {Schmidt}, B.~P. and {Challis}, P. and {Fransson}, C. and {Leibundgut}, B. and {van Dyk}, S.~D.},
	Date-Added = {2019-01-03 09:44:34 -0500},
	Date-Modified = {2019-01-03 09:45:03 -0500},
	Doi = {10.1086/300751},
	Eprint = {astro-ph/9810407},
	Journal = {\aj},
	Keywords = {GALAXIES: INDIVIDUAL: NGC NUMBER: NGC 4321, GALAXIES: INDIVIDUAL: NGC NUMBER: NGC 6946, STARS: SUPERNOVAE: INDIVIDUAL: ALPHANUMERIC: SN 1979C, STARS: SUPERNOVAE: INDIVIDUAL: ALPHANUMERIC: SN 1980K},
	Month = feb,
	Pages = {725-735},
	Title = {{Late-Time Optical and Ultraviolet Spectra of SN 1979C and SN 1980K}},
	Volume = 117,
	Year = 1999,
	Bdsk-Url-1 = {https://doi.org/10.1086/300751}}

@article{fesen94,
	Adsnote = {Provided by the SAO/NASA Astrophysics Data System},
	Adsurl = {http://adsabs.harvard.edu/abs/1994ApJ...428..157F},
	Author = {{Fesen}, R.~A. and {Matonick}, D.~M.},
	Date-Added = {2019-01-03 09:39:08 -0500},
	Date-Modified = {2019-01-03 09:39:12 -0500},
	Doi = {10.1086/174228},
	Journal = {\apj},
	Keywords = {Line Spectra, Stellar Evolution, Stellar Spectrophotometry, Supernovae, Calcium, Ferric Ions, H Alpha Line, Oxygen, Oxygen Ions},
	Month = jun,
	Pages = {157-165},
	Title = {{The late-time optical spectrum of SN 1980K}},
	Volume = 428,
	Year = 1994,
	Bdsk-Url-1 = {https://doi.org/10.1086/174228}}

@article{leibundgut91,
	Adsnote = {Provided by the SAO/NASA Astrophysics Data System},
	Adsurl = {http://adsabs.harvard.edu/abs/1991ApJ...372..531L},
	Author = {{Leibundgut}, B. and {Kirshner}, R.~P. and {Pinto}, P.~A. and {Rupen}, M.~P. and {Smith}, R.~C. and {Gunn}, J.~E. and {Schneider}, D.~P.},
	Date-Added = {2019-01-03 09:33:32 -0500},
	Date-Modified = {2019-01-03 09:33:36 -0500},
	Doi = {10.1086/169998},
	Journal = {\apj},
	Keywords = {Stellar Evolution, Stellar Spectra, Supernova Remnants, Supernovae, Nebulae, Radio Emission, Spectral Line Width, Stellar Envelopes},
	Month = may,
	Pages = {531-544},
	Title = {{Spectra of two very old supernovae - SN 1986J and SN 1980K}},
	Volume = 372,
	Year = 1991,
	Bdsk-Url-1 = {https://doi.org/10.1086/169998}}

@article{uomoto91,
	Adsnote = {Provided by the SAO/NASA Astrophysics Data System},
	Adsurl = {http://adsabs.harvard.edu/abs/1991AJ....101.1275U},
	Author = {{Uomoto}, A.},
	Date-Added = {2019-01-03 09:31:11 -0500},
	Date-Modified = {2019-01-03 09:31:19 -0500},
	Doi = {10.1086/115762},
	Journal = {\aj},
	Keywords = {Blue Stars, Stellar Spectrophotometry, Supernovae, Variable Stars, H Alpha Line, Light Curve, Stellar Luminosity, Stellar Spectra},
	Month = apr,
	Pages = {1275-1280},
	Title = {{Late-time spectroscopy of two supernovas - The type II 1980K and the type V 1986J}},
	Volume = 101,
	Year = 1991,
	Bdsk-Url-1 = {https://doi.org/10.1086/115762}}

@article{fesen90,
	Adsnote = {Provided by the SAO/NASA Astrophysics Data System},
	Adsurl = {http://adsabs.harvard.edu/abs/1990ApJ...351..437F},
	Author = {{Fesen}, R.~A. and {Becker}, R.~H.},
	Date-Added = {2019-01-03 09:26:17 -0500},
	Date-Modified = {2019-01-03 09:26:22 -0500},
	Doi = {10.1086/168480},
	Journal = {\apj},
	Keywords = {Optical Emission Spectroscopy, Spiral Galaxies, Supernova Remnants, H Alpha Line, Nebulae},
	Month = mar,
	Pages = {437-442},
	Title = {{Optical detection of the remnant of SN 1980K in NGC 6946}},
	Volume = 351,
	Year = 1990,
	Bdsk-Url-1 = {https://doi.org/10.1086/168480}}

@article{uomoto86,
	Adsnote = {Provided by the SAO/NASA Astrophysics Data System},
	Adsurl = {http://adsabs.harvard.edu/abs/1986ApJ...308..685U},
	Author = {{Uomoto}, A. and {Kirshner}, R.~P.},
	Date-Added = {2019-01-03 09:24:41 -0500},
	Date-Modified = {2019-01-03 09:24:48 -0500},
	Doi = {10.1086/164540},
	Journal = {\apj},
	Keywords = {H Alpha Line, Radioactive Decay, Stellar Evolution, Stellar Spectra, Stellar Spectrophotometry, Supernovae, Cobalt Isotopes, Emission Spectra, Nickel Isotopes},
	Month = sep,
	Pages = {685-690},
	Title = {{The late-time spectrum of the Type II supernova 1980k}},
	Volume = 308,
	Year = 1986,
	Bdsk-Url-1 = {https://doi.org/10.1086/164540}}

@article{blair15,
	Adsnote = {Provided by the SAO/NASA Astrophysics Data System},
	Adsurl = {http://adsabs.harvard.edu/abs/2015ApJ...800..118B},
	Archiveprefix = {arXiv},
	Author = {{Blair}, W.~P. and {Winkler}, P.~F. and {Long}, K.~S. and {Whitmore}, B.~C. and {Kim}, H. and {Soria}, R. and {Kuntz}, K.~D. and {Plucinsky}, P.~P. and {Dopita}, M.~A. and {Stockdale}, C.},
	Date-Added = {2015-08-04 15:59:36 +0000},
	Date-Modified = {2015-08-04 15:59:40 +0000},
	Doi = {10.1088/0004-637X/800/2/118},
	Eid = {118},
	Eprint = {1501.00030},
	Journal = {\apj},
	Keywords = {galaxies: individual: M83, galaxies: ISM, ISM: supernova remnants, supernovae: general},
	Month = feb,
	Pages = {118},
	Title = {{A Newly Recognized Very Young Supernova Remnant in M83}},
	Volume = 800,
	Year = 2015,
	Bdsk-Url-1 = {http://dx.doi.org/10.1088/0004-637X/800/2/118}}
	
	@article{milisavljevic12,
	Adsnote = {Provided by the SAO/NASA Astrophysics Data System},
	Adsurl = {http://adsabs.harvard.edu/abs/2012ApJ...751...25M},
	Archiveprefix = {arXiv},
	Author = {{Milisavljevic}, D. and {Fesen}, R.~A. and {Chevalier}, R.~A. and {Kirshner}, R.~P. and {Challis}, P. and {Turatto}, M.},
	Date-Added = {2012-05-09 09:16:42 -0400},
	Date-Modified = {2012-05-09 09:16:45 -0400},
	Doi = {10.1088/0004-637X/751/1/25},
	Eid = {25},
	Eprint = {1203.0006},
	Journal = {\apj},
	Keywords = {ISM: individual objects: Cassiopeia A, ISM: supernova remnants, supernovae: individual: SN 1957D SN 1970G SN 1980K SN 1993J, supernovae: general},
	Month = may,
	Pages = {25},
	Primaryclass = {astro-ph.HE},
	Title = {{Late-time Optical Emission from Core-collapse Supernovae}},
	Volume = 751,
	Year = 2012,
	Bdsk-Url-1 = {http://dx.doi.org/10.1088/0004-637X/751/1/25}}
	
	@article{jerkstrand12,
	Adsnote = {Provided by the SAO/NASA Astrophysics Data System},
	Adsurl = {http://adsabs.harvard.edu/abs/2012A%26A...546A..28J},
	Archiveprefix = {arXiv},
	Author = {{Jerkstrand}, A. and {Fransson}, C. and {Maguire}, K. and {Smartt}, S. and {Ergon}, M. and {Spyromilio}, J.},
	Date-Added = {2019-01-05 10:20:05 -0500},
	Date-Modified = {2019-01-05 10:20:11 -0500},
	Doi = {10.1051/0004-6361/201219528},
	Eid = {A28},
	Eprint = {1208.2183},
	Journal = {\aap},
	Keywords = {supernovae: general, supernovae: individual: SN 2004et, line: formation, line: identification, radiative transfer},
	Month = oct,
	Pages = {A28},
	Primaryclass = {astro-ph.HE},
	Title = {{The progenitor mass of the Type IIP supernova SN 2004et from late-time spectral modeling}},
	Volume = 546,
	Year = 2012,
	Bdsk-Url-1 = {https://doi.org/10.1051/0004-6361/201219528}}

@article{maguire10,
	Adsnote = {Provided by the SAO/NASA Astrophysics Data System},
	Adsurl = {http://adsabs.harvard.edu/abs/2010MNRAS.404..981M},
	Archiveprefix = {arXiv},
	Author = {{Maguire}, K. and {Di Carlo}, E. and {Smartt}, S.~J. and {Pastorello}, A. and {Tsvetkov}, D.~Y. and {Benetti}, S. and {Spiro}, S. and {Arkharov}, A.~A. and {Beccari}, G. and {Botticella}, M.~T. and {Cappellaro}, E. and {Cristallo}, S. and {Dolci}, M. and {Elias-Rosa}, N. and {Fiaschi}, M. and {Gorshanov}, D. and {Harutyunyan}, A. and {Larionov}, V.~M. and {Navasardyan}, H. and {Pietrinferni}, A. and {Raimondo}, G. and {di Rico}, G. and {Valenti}, S. and {Valentini}, G. and {Zampieri}, L.},
	Date-Added = {2019-01-03 10:17:50 -0500},
	Date-Modified = {2019-01-03 10:17:54 -0500},
	Doi = {10.1111/j.1365-2966.2010.16332.x},
	Eprint = {0912.3111},
	Journal = {\mnras},
	Keywords = {supernovae: general, supernovae: individual: 2004et, supernovae: individual: 2004A, supernovae: individual: 2006my},
	Month = may,
	Pages = {981-1004},
	Primaryclass = {astro-ph.SR},
	Title = {{Optical and near-infrared coverage of SN 2004et: physical parameters and comparison with other Type IIP supernovae}},
	Volume = 404,
	Year = 2010,
	Bdsk-Url-1 = {https://doi.org/10.1111/j.1365-2966.2010.16332.x}}

@article{sahu06,
	Adsnote = {Provided by the SAO/NASA Astrophysics Data System},
	Adsurl = {http://adsabs.harvard.edu/abs/2006MNRAS.372.1315S},
	Author = {{Sahu}, D.~K. and {Anupama}, G.~C. and {Srividya}, S. and {Muneer}, S.},
	Date-Added = {2019-01-03 10:10:54 -0500},
	Date-Modified = {2019-01-03 10:10:58 -0500},
	Doi = {10.1111/j.1365-2966.2006.10937.x},
	Eprint = {astro-ph/0608432},
	Journal = {\mnras},
	Keywords = {supernovae: general, supernovae: individual: SN 2004et, galaxies: individual: NGC 6946},
	Month = nov,
	Pages = {1315-1324},
	Title = {{Photometric and spectroscopic evolution of the Type IIP supernova SN 2004et}},
	Volume = 372,
	Year = 2006,
	Bdsk-Url-1 = {https://doi.org/10.1111/j.1365-2966.2006.10937.x}}

@article{long12,
	Adsnote = {Provided by the SAO/NASA Astrophysics Data System},
	Adsurl = {http://adsabs.harvard.edu/abs/2012ApJ...756...18L},
	Archiveprefix = {arXiv},
	Author = {{Long}, K.~S. and {Blair}, W.~P. and {Godfrey}, L.~E.~H. and {Kuntz}, K.~D. and {Plucinsky}, P.~P. and {Soria}, R. and {Stockdale}, C.~J. and {Whitmore}, B.~C. and {Winkler}, P.~F.},
	Date-Added = {2012-08-24 17:07:47 -0400},
	Date-Modified = {2012-08-24 17:07:51 -0400},
	Doi = {10.1088/0004-637X/756/1/18},
	Eid = {18},
	Eprint = {1207.1555},
	Journal = {\apj},
	Keywords = {galaxies: individual: M83, galaxies: ISM, ISM: supernova remnants, radio continuum: galaxies, supernovae: individual: SN 1957D, X-rays: general, X-rays: individual: SN 1957D M83},
	Month = sep,
	Pages = {18},
	Primaryclass = {astro-ph.HE},
	Title = {{Recovery of the Historical SN1957D in X-Rays with Chandra}},
	Volume = 756,
	Year = 2012,
	Bdsk-Url-1 = {http://dx.doi.org/10.1088/0004-637X/756/1/18}}

